@book{engopt,
	author = {Rao, Singiresu S},
	title = {Engineering optimization : theory and practice},
	year = {1999},
	edition = {4},
	isbn = {978-0-470-18352-6},
	}
@book{intro,
	author = {Arora, Jasbir S},
	title = {Introduction to optimum design},
	year = {2004},
	edition = {2},
	isbn = {0-12-064155-0},
	}
	
	